3022 5102
496 1527 868 1610 PRAEFATIO.

629 1723 748 1746 ‘m

223 1951 390 2032 catologus
424 1950 588 2028 pinntorun
619 1949 833 2026 veseulnrium,
872 1967 929 2029 quo
961 1949 989 2008 in
1020 1938 1236 2008 dissertatione

137 2038 174 2097 de
208 2039 371 2097 rationibus
409 2037 507 2096 indiae
540 2038 733 2096 occidentalis
772 2036 1077 2116 phytogeogrephieis
1098 2033 1117 2114 ¹]
1152 2036 1232 2094 edite

134 2125 258 2195 utebar,
290 2127 332 2183 itu
362 2126 468 2184 sennim
498 2125 638 2193 increvit,
671 2131 705 2182 ut
729 2124 790 2202 jum
819 2123 884 2184 fere
912 2123 1039 2202 quinque
1064 2121 1143 2182 milio
1165 2143 1229 2200 epe·

133 2212 244 2270 eierum
276 2212 435 2270 continent.
494 2212 538 2269 Ex
567 2211 670 2289 quibus
701 2219 855 2290 postquem
887 2209 961 2270 duos
993 2216 1092 2288 portes
1121 2208 1232 2268 botuui-

132 2299 176 2356 eis
208 2298 332 2369 tradidi,
373 2300 463 2376 primo
495 2299 742 2356 enumerationem
778 2298 943 2376 pienterum
979 2297 1177 2356 curibueurum
1199 2291 1232 2374 ²),

135 2384 242 2443 deinde
273 2385 431 2443 insularum
460 2383 687 2444 britannicarum
720 2379 890 2465 1111111113),
932 2403 1008 2444 nunu
1037 2384 1154 2442 tortian
1184 2383 1230 2442 nb·

138 2463 354 2551 solvo,'quue
383 2472 504 2530 indicem
535 2472 615 2530 sistit
643 2471 868 2551 vegetabilium,
901 2471 1005 2550 quibus
1035 2470 1115 2528 Cube
1144 2470 1230 2542 nitet,

135 2559 242 2638 regino
267 2559 463 2630 dntiiinrum,
496 2559 629 2637 stirpium
659 2558 712 2618 sibi
741 2557 929 2638 peculiarium
961 2557 1052 2638 iunge
1076 2557 1230 2616 ditissime.

131 2645 322 2709 Enumeratio
365 2654 469 2704 nostre
508 2665 608 2703 omnes
649 2646 858 2722 complectitur
898 2645 1012 2722 species
1049 2644 1231 2716 uesouieres,

133 2751 209 2810 quoe
241 2733 269 2790 in
303 2733 401 2790 insule
432 2731 590 2810 indigenae
623 2731 832 2801 innotuerunt,
874 2749 1026 2810 novusque
1058 2749 1230 2790 numerosus

134 2837 214 2876 nuno
239 2819 358 2895 primum
382 2818 565 2894 descriptas:
592 2817 640 2895 qui
664 2817 758 2896 igitur
781 2819 837 2875 hoo
860 2816 1005 2878 volumine
1029 2823 1165 2886 utentur,
1196 2815 1231 2877 de

135 2904 266 2982 singuiis
286 2905 378 2982 primo
401 2903 559 2962 consulent
579 2903 696 2960 Florum
719 2903 818 2963 indine
839 2903 1030 2963 occidentalis
1051 2903 1231 2963 britannione

138 2987 203 3068 (Gr.
227 2989 297 3065 lup,
330 2989 415 3068 eujus
439 2991 670 3068 supplementum
698 2991 817 3050 exhibet
840 3009 877 3050 ex
909 2991 1009 3050 eodem
1037 2991 1139 3050 ordine
1164 3011 1230 3049 enn-

131 3077 292 3156 seriptum,
324 3078 427 3137 deinde
458 3078 571 3156 priores
595 3097 706 3157 eosque
730 3097 829 3157 purum
862 3097 1035 3138 numerosos
1064 3077 1230 3157 pinatorum

137 3163 304 3223 eubensium
333 3163 434 3224 fontes
445 3160 469 3244 *j
479 3207 488 3236 ,
521 3163 627 3224 uiride
656 3166 788 3224 omnibns
816 3165 897 3238 fere,
929 3185 1004 3246 queo
1028 3185 1086 3224 non
1112 3166 1141 3224 in
1165 3167 1229 3244 ipso

202 3356 226 3428 1)
247 3360 432 3422 Grioeboeh‚
461 3359 501 3409 ute
521 3359 698 3422 geographisehe
716 3359 869 3422 Verbreitnng
888 3359 929 3410 der
947 3359 1055 3410 Pssonron
1067 3361 1232 3413 Westindiens.

128 3431 273 3492 (tettingen,
294 3431 374 3482 1885.
398 3432 422 3482 4.
924 3432 927 3441 “

193 3519 228 3584 ’2)
248 3519 432 3582 6111111111,
463 3507 642 3582 Spstometisehe
663 3519 871 3581 Uetersuohnugen
899 3522 955 3572 uber
978 3522 1015 3572 die
1033 3521 1165 3584 Vegetntion
1190 3523 1232 3574 der

128 3591 259 3655 liureiben,
284 3592 451 3642 insbesendere
469 3592 511 3642 der
529 3591 589 3642 insei
608 3591 764 3654 Gnedeioupe.
802 3590 938 3656 Gottingen,
965 3593 1043 3666 1857.
1067 3595 1091 3646 4.

132 3681 434 3806 1863.²3)⁸Griseituelr,
467 3682 535 3732 Flore
559 3682 585 3732 ei
610 3682 650 3732 the
674 3681 758 3732 Bridsh
783 3682 848 3732 West
871 3684 953 3736 Indien
980 3685 1074 3736 islouds.
1126 3685 1230 3749 Laudem,

199 3843 226 3911 11
245 3845 272 3896 Α.
285 3845 434 3909 Richord,
457 3845 522 3896 Essoi
541 3845 611 3894 d'une
627 3844 695 3894 Flore
713 3845 743 3894 de
761 3845 806 3895 l’iie
825 3846 853 3896 de
867 3847 938 3898 Cubo.
963 3848 988 3898 T.
1003 3849 1023 3898 1.
1046 3846 1230 3916 (dieotyltdenes

127 3916 287 3983 polypttoles).
313 3918 392 3970 1845.
417 3918 439 3969 8.
467 3915 501 3986 (in
526 3919 613 3968 Romen
641 3918 669 3966 de
693 3917 714 3967 ln
737 3919 821 3982 Sapra,
851 3919 946 3970 histoire
970 3920 999 3970 de
1024 3920 1068 3971 l'ile
1094 3921 1122 3970 de
1146 3921 1230 3988 Cubn).

127 3987 153 4036 ’1.
167 3987 198 4048 2,
233 3998 330 4040 eeteros*
348 3989 442 4041 ordines
467 3991 649 4055 phnueregomes
674 3991 809 4053 continens,
840 4006 889 4042 non
915 3999 988 4043 exstet
1012 3993 1057 4042 nisi
1081 3993 1105 4042 in
1128 3993 1229 4044 editione

125 4059 263 4122 hispanico,
289 4062 313 4112 in
332 4063 425 4127 Europe
444 4063 561 4114 rarissimo
586 4061 875 4132 ‹1838-1853.r01.).

196 4149 383 4213 Griseboeh,
415 4152 506 4216 plonius
525 4152 680 4214 Wrightionue
700 4168 713 4204 e
731 4154 924 4203 Cubi-orientali.
957 4155 982 4204 P.
997 4155 1014 4204 1.
1031 4157 1058 4205 11.
1099 4156 1229 4220 Centobrig.

123 4219 181 4270 Nor.
201 4223 284 4284 nugi,
304 4223 468 4275 luto-un.
488 4225 512 4275 4.
536 4226 569 4290 (in
588 4225 655 4274 Mem.
674 4225 752 4274 dmer.
772 4226 841 4276 tend.
859 4227 917 4276 Nor.
936 4228 986 4277 Ser.
1006 4228 1031 4277 ’1.
1042 4227 1078 4295 8).
1114 4229 1228 4287 Quosdam

124 4293 214 4355 speeies
233 4294 288 4344 olibi
307 4295 432 4360 descripsi,
457 4313 478 4346 e.
491 4312 512 4360 p.
531 4295 569 4346 in:
596 4296 778 4358 Eridutomngeu
804 4298 971 4360 ousgewohlter
990 4301 1095 4350 Pdenzen
1117 4301 1158 4350 des
1177 4310 1227 4352 tro·

123 4364 220 4426 pischen
239 4367 366 4417 1111111111.
402 4369 538 4430 Gottingen,
565 4367 643 4418 1860.
667 4368 708 4431 4.;
740 4369 872 4431 Diegnosen
891 4387 961 4422 neuer
981 4373 1167 4437 Euphorbinceon
1186 4389 1227 4422 nus

124 4435 187 4486 Ceba
206 4434 239 4504 (in
257 4439 377 4501 Gottinger
395 4440 554 4490 Noehriohten.
574 4438 652 4490 1865.
677 4454 712 4490 nr.
730 4438 765 4508 7).
